@online{lfd,
    author = {Christian Forss√©n},
    title = {Lecture 3 - Learning from Data},
    year = {2019},
    note = {My lecture notes from taking the course},
}
@online{tds,
    author = {Andrew Rothman},
    title = {The Bayesian Paradigm & Ridge Regression},
    year = {2020},
    url = {https://towardsdatascience.com/the-bayesian-paradigm-ridge-regression-418af128ae8c},
    note = {Accessed on 2020-11-07},
}
@online{wiki_reg,
    author = {Wikipedia},
    title = {Regularization (mathematics)},
    year = {2020},
    url = {https://en.wikipedia.org/wiki/Regularization_(mathematics)#Other_uses_of_regularization_in_statistics_and_machine_learning},
    note = {Accessed on 2020-11-07},
}
@online{wiki_bay,
    author = {Wikipedia},
    title = {Bayesian statistics},
    year = {2020},
    url = {https://en.wikipedia.org/wiki/Bayesian_statistics},
    note = {Accessed on 2020-11-07},
}